@article{Author:year:XYZ,
 author = {Name1, Firstname 1 and Name2, Firstname2},
 title = {A dummy title},
 journal = {A Fake Journal},
 volume = {1},
 number = {1},
 month = jun,
 year = {2000},
 issn = {0000-0000},
 pages = {000--000},
 numpages = {10},
} 

@article{einstein,
    author =       "Albert Einstein",
    title =        "{Zur Elektrodynamik bewegter K{\"o}rper}. ({German})
        [{On} the electrodynamics of moving bodies]",
    journal =      "Annalen der Physik",
    volume =       "322",
    number =       "10",
    pages =        "891--921",
    year =         "1905",
    DOI =          "http://dx.doi.org/10.1002/andp.19053221004"
}
 
@book{latexcompanion,
    author    = "Michel Goossens and Frank Mittelbach and Alexander Samarin",
    title     = "The \LaTeX\ Companion",
    year      = "1993",
    publisher = "Addison-Wesley",
    address   = "Reading, Massachusetts"
}
 
@misc{knuthwebsite,
    author    = "Donald Knuth",
    title     = "Knuth: Computers and Typesetting",
    url       = "http://www-cs-faculty.stanford.edu/\~{}uno/abcde.html"
}

@article{hirschmullerstereo,
	author	= "Heiko Hirschmuller",
	title 		= "Stereo Processing by Semiglobal Matching and Mutual Information",
	journal 	= "Pattern Analysis and Machine Intelligence, IEEE Transactions on ",
	volume = "30",
	number = "2",
	year = "2008",
	month "feb",
	publisher = "IEEE",
	DOI = "10.1109/TPAMI.2007.1166"
}

@misc{3dCalib,
  title = {Camera calibration With OpenCV},
  howpublished = {\url{http://docs.opencv.org/2.4/doc/tutorials/calib3d/camera_calibration/camera_calibration.html}}
}

@misc{cannyedge,
	title = {Canny Edge Detection With OpenCV},
	howpublished = {\url{http://docs.opencv.org/2.4/doc/tutorials/imgproc/imgtrans/canny_detector/canny_detector.html}}
}

@misc{3dCalibRec,
	title = {Camera Calibration and 3d Reconstruction},
	howpublished = {\url{http://docs.opencv.org/3.0-beta/modules/calib3d/doc/camera_calibration_and_3d_reconstruction.html}}
}

@misc{sintefKinect,
	title = {SEAMLESS - Simultaneous navigation and manipulation in complex dynamic scenes},
	howpublished = {\url{
	http://www.sintef.no/en/projects/seamless-simultaneous-navigation-and-manipulation-/}}
}

@misc{pcl,
	title = {Point Cloud Library (or PCL)},
	howpublished = {\url{	http://pointclouds.org/}}
}

@book{practicalopencv,
	author = {Samarth Brahmbhatt}, 
	title = {Practical OpenCV},
	year = {2013},
	publisher = {Apress: Berkeley, CA},
	DOI = {10.1007/978-1-4302-6080-6}
}

@article{gerogiannisvp,
	author = {Gerogiannis, Demetrios and  Nikou, Christophoros and Likas, Aristidis},
	title = {Fast and efficient vanishing point detection in indoor images },
	journal = {Pattern Recognition (ICPR), 2012 21st International Conference on },
	year = {2012},
	month = {nov},
	pages = {3244 - 2347},
	publisher = {IEEE}
}

@article{gerogiannisshape,
	author = {Gerogiannis, Demetrios and  Nikou, Christophoros and Likas, Aristidis},
	title = {A split-and-merge framework for 2D shape summarization},
	journal = {Image and Signal Processing and Analysis (ISPA), 2011 7th International Symposium on },
	year = {2011},
	month = {sep},
	pages = {206 - 211},
	publisher = {IEEE}
}

@MastersThesis{aspunvik,
    author     =     {Aspunvik, Petter},
    title     =     {Robotisert Vedlikehold},
    school     =     {NTNU},
    year     =     {2013}
    }

@MastersThesis{berg,
    author     =     {Berg, Mikael},
    title     =     {Navigation with Simultaneous Localization and Mapping},
    school     =     {NTNU},
    year     =     {2013}
    }

@book{oreillycv,
	author = {Bradski, Gary}, 
	title = {Learning OpenCV},
	year = {2008},
	publisher = {O'Reilly Media}
}


@article{SLAMp1,
	author = {Durrant-Whyte, H and Bailey, Tim},
	title = {Simultaneous localization and mapping: part I},
	journal = {Robotics \& Automation Magazine, IEEE},
	vol = {13},
	number = {2},
	year = {2006},
	month = {jun},
	publisher = {IEEE},
	DOI = {10.1109/MRA.2006.1638022}
}

@article{monoSLAM,
	author = {Davison, A.J. and Reid, I.D and Molton, N.D and Stasse, O.},
	title = {MonoSLAM: Real-Time Single Camera SLAM},
	journal = {Pattern Analysis and Machine Intelligence, IEEE Transactions on},
	vol = {29},
	number = {6},
	year = {2007},
	month = {jun},
	publisher = {IEEE},
	DOI = {10.1109/TPAMI.2007.1049}
}	

@incollection{autorobot,
author = {Xu, Jian and Wang, Han and Shacklock, Andrew},
title = {Visual Guidance for Autonomous Vehicles },
booktitle = {Autonomous Mobile Robots},
pages = {5 - 40},
chapter = {1},
year = {2006},
month = {may},
publisher = {CRC Press},
}

@INPROCEEDINGS{optflwdepth,
	author={Chao Liu and Christopher, L.},
	booktitle={Electro/Information Technology (EIT), 2012 IEEE International Conference on},
	title={Depth map estimation from motion for 2D to 3D conversion},
	year={2012},
	pages={1-4},
	keywords={image motion analysis;image segmentation;image sequences;tree searching;video signal processing;2D image sequences;2D videos;3D videos;breadth-first search 	methods;classical constrained optical flow;depth map estimation;mean shift segmentation algorithm;motion information;motion-based depth map;multi-view stereo method;single moving camera;Cameras;Computer vision;Image motion analysis;Image segmentation;Optical filters;Optical imaging;Three dimensional displays;3D;depth;segmentation},
	doi={10.1109/EIT.2012.6220749},
	ISSN={2154-0357},
	month={May},
}

@article{optflwego,
	year={1980},
	issn={0340-1200},
	journal={Biological Cybernetics},
	volume={36},
	number={2},
	doi={10.1007/BF00361077},
	title={Egomotion and relative depth map from optical flow},
	url={http://dx.doi.org/10.1007/BF00361077},
	publisher={Springer-Verlag},
	author={Prazdny, K.},
	pages={87-102},
	language={English}
}

@INPROCEEDINGS{slamKinect,
	author={Richard A. Newcombe, Shahram Izadi, Otmar Hilliges, David Molyneaux, David Kim, Andrew J. Davison, Pushmeet Kohli, Jamie Shotton, Steve Hodges, and Andrew Fitzgibbon},
	booktitle={	IEEE ISMAR},
	title={KinectFusion: Real-Time Dense Surface Mapping and Tracking},
	year={2011},
	month={Oct},
	publisher = {IEEE}
}

@INPROCEEDINGS{monocularvp,
author={Chin-Kai Chang and Siagian, C. and Itti, L.},
booktitle={Intelligent Robots and Systems (IROS), 2012 IEEE/RSJ International Conference on},
title={Mobile robot monocular vision navigation based on road region and boundary estimation},
year={2012},
pages={1043-1050},
keywords={image segmentation;mobile robots;navigation;object detection;robot vision;sampling methods;Beobot 2.0;GRVS method;Gabor response variance score method;boundary estimation;camera calibration;ground-based robot;mobile robot monocular vision navigation system;nonuniform sampling mechanism;real-time autonomous visual navigation;region segmentation;road appearance;road boundary detection;road region;urban road settings;vanishing point;Estimation;Image color analysis;Image segmentation;Navigation;Roads;Robots;Robustness},
doi={10.1109/IROS.2012.6385703},
ISSN={2153-0858},
month={Oct},
}

